@conference{bagnall20hivecote1,
    author={A. Bagnall and M. Flynn and J. Large and J. Lines and M. Middlehurst},
    title={On the usage and performance of {HIVE-COTE v1.0}},
    booktitle = "proceedings of the 5th Workshop on Advances Analytics and Learning on Temporal Data",
    series = " Lecture Notes in Artificial Intelligence",
    volume="12588",
    year={2020}
}
